%% This BibTeX bibliography file was created using BibDesk.
%% http://bibdesk.sourceforge.net/


%% Created for Shin-Cheng Mu at 2016-06-18 00:26:47 +0800 


%% Saved with string encoding Unicode (UTF-8) 



@article{McBride:02:Faking,
	Author = {McBride, Conor},
	Date-Added = {2016-06-12 16:04:41 +0000},
	Date-Modified = {2016-06-12 16:04:41 +0000},
	Journal = {Journal of Functional Programming},
	Month = {July},
	Number = {5},
	Pages = {375-392},
	Title = {Faking it: simulating dependent types in {H}askell},
	Volume = {12},
	Year = {2002}}

@misc{redis,
	Author = {Sanfilippo, Salvatore and Noordhuis, Pieter},
	Date-Added = {2015-11-20 05:41:01 +0000},
	Date-Modified = {2015-11-20 05:41:05 +0000},
	Journal = {2011-03-19. http://redis.io},
	Title = {Redis},
	Year = {2010}}

@inproceedings{pi,
	Author = {Oury, Nicolas and Swierstra, Wouter},
	Crossref = {ICFP:08},
	Date-Added = {2015-11-19 17:39:25 +0000},
	Date-Modified = {2016-06-17 14:50:50 +0000},
	Pages = {39--50},
	Title = {The power of {Pi}}}

@inproceedings{haskelldbimproved,
	Author = {Bringert, Bj\"{o}rn and H\"{o}ckersten, Anders and Andersson, Conny and Andersson, Martin and Bergman, Mary and Blomqvist, Victor and Martin, Torbj\"{o}rn},
	Crossref = {HW:04},
	Date-Added = {2015-11-19 17:28:16 +0000},
	Date-Modified = {2016-06-17 16:02:10 +0000},
	Pages = {108--115},
	Title = {Student paper: {H}askell{DB} improved},
	Year = {2004}}

@inproceedings{haskelldb,
	Author = {Leijen, Daan and Meijer, Erik},
	Crossref = {DSL:99},
	Date-Added = {2015-11-19 17:26:25 +0000},
	Date-Modified = {2016-06-17 14:57:08 +0000},
	Pages = {109--122},
	Title = {Domain specific embedded compilers}}

@inproceedings{hetero,
	Author = {Kiselyov, Oleg and L{\"a}mmel, Ralf and Schupke, Keean},
	Crossref = {HW:04},
	Date-Added = {2015-11-19 13:41:26 +0000},
	Date-Modified = {2016-06-17 16:00:04 +0000},
	Pages = {96--107},
	Title = {Strongly typed heterogeneous collections}}

@inproceedings{history,
	Author = {Hudak, Paul and Hughes, John and Peyton Jones, Simon and Wadler, Philip},
	Booktitle = {Proceedings of the third ACM SIGPLAN conference on History of programming languages},
	Date-Added = {2015-11-18 17:42:47 +0000},
	Date-Modified = {2015-11-18 17:42:51 +0000},
	Organization = {ACM},
	Pages = {12--1},
	Title = {A history of Haskell: being lazy with class},
	Year = {2007}}

@inproceedings{typeeq,
	Author = {Sulzmann, Martin and Chakravarty, Manuel MT and Jones, Simon Peyton and Donnelly, Kevin},
	Booktitle = {Proceedings of the 2007 ACM SIGPLAN international workshop on Types in languages design and implementation},
	Date-Added = {2015-11-18 14:07:04 +0000},
	Date-Modified = {2015-11-18 14:07:07 +0000},
	Organization = {ACM},
	Pages = {53--66},
	Title = {System {F} with type equality coercions},
	Year = {2007}}

@inproceedings{tfopen,
	Author = {Schrijvers, Tom and Peyton Jones, Simon and Chakravarty, Manuel and Sulzmann, Martin},
	Crossref = {ICFP:08},
	Date-Added = {2015-11-17 03:51:43 +0000},
	Date-Modified = {2016-06-17 16:03:53 +0000},
	Pages = {51--62},
	Title = {Type checking with open type functions}}

@inproceedings{tfsynonym,
	Author = {Chakravarty, Manuel MT and Keller, Gabriele and Jones, Simon Peyton},
	Crossref = {ICFP:05},
	Date-Added = {2015-11-17 03:44:44 +0000},
	Date-Modified = {2016-06-17 15:42:21 +0000},
	Pages = {241--253},
	Title = {Associated type synonyms},
	Year = {2005}}

@inproceedings{tfclass,
	Author = {Chakravarty, Manuel MT and Keller, Gabriele and Jones, Simon Peyton and Marlow, Simon},
	Crossref = {POPL:05},
	Date-Added = {2015-11-17 03:35:32 +0000},
	Date-Modified = {2016-06-17 15:37:53 +0000},
	Pages = {1--13},
	Title = {Associated types with class},
	Year = {2005}}

@misc{kleisli,
	Author = {McBride, Conor},
	Date-Added = {2015-11-16 15:33:35 +0000},
	Date-Modified = {2016-06-17 16:26:44 +0000},
	Title = {Functional pearl: {K}leisli arrows of outrageous fortune},
	Year = {2011}}

@inproceedings{staticresources,
	Author = {Kiselyov, Oleg and Shan, Chung-chieh},
	Crossref = {TFP:07},
	Date-Added = {2015-11-16 15:05:48 +0000},
	Date-Modified = {2016-06-17 15:28:15 +0000},
	Title = {Lightweight Static Resources: Sexy types for embedded and systems programming}}

@inproceedings{phasedistinction,
	Author = {Lindley, Sam and McBride, Conor},
	Crossref = {Haskell:13},
	Date-Added = {2015-11-16 11:57:34 +0000},
	Date-Modified = {2016-06-17 15:16:34 +0000},
	Pages = {81--92},
	Title = {Hasochism: the pleasure and pain of dependently typed {Haskell} programming}}

@misc{sorts,
	Annote = {
},
	Author = {Danny Gratzer},
	Date-Added = {2015-11-16 10:46:28 +0000},
	Date-Modified = {2015-11-16 10:48:52 +0000},
	Howpublished = {Blog},
	Lastchecked = {2015/11/16},
	Month = {February},
	Title = {Types and Kinds and Sorts, Oh My!},
	Url = {http://jozefg.bitbucket.org/posts/2014-02-10-types-kinds-and-sorts.html},
	Viewport = {width=device-width, initial-scale=1, maximum-scale=1, user-scalable=no},
	Year = {2014},
	Bdsk-Url-1 = {http://jozefg.bitbucket.org/posts/2014-02-10-types-kinds-and-sorts.html}}

@inproceedings{promotion,
	Author = {Yorgey, Brent A. and Weirich, Stephanie and Cretin, Julien and Peyton Jones, Simon L. and Vytiniotis, Dimitrios and Magalh{\~{a}}es, Jos{\'{e}} Pedro},
	Crossref = {TLDI:12},
	Date-Added = {2015-11-16 07:31:45 +0000},
	Date-Modified = {2016-06-17 16:16:51 +0000},
	Pages = {53--66},
	Title = {Giving {H}askell a promotion}}

@incollection{typefun,
	Author = {Kiselyov, Oleg and Jones, Simon Peyton and Shan, Chung-chieh},
	Crossref = {Roscoe:10:Reflections},
	Date-Added = {2015-11-16 07:27:41 +0000},
	Date-Modified = {2016-06-17 15:13:11 +0000},
	Pages = {301--331},
	Title = {Fun with type functions}}

@inproceedings{typelevelfunctions,
	Author = {Eisenberg, Richard A and Stolarek, Jan},
	Booktitle = {Proceedings of the 2014 ACM SIGPLAN symposium on Haskell},
	Date-Added = {2015-11-16 07:19:28 +0000},
	Date-Modified = {2015-11-16 07:19:52 +0000},
	Organization = {ACM},
	Pages = {95--106},
	Title = {Promoting functions to type families in Haskell},
	Year = {2014}}

@article{indexedmonad,
	Author = {Atkey, Robert},
	Date-Added = {2015-11-16 07:14:40 +0000},
	Date-Modified = {2015-11-16 14:57:21 +0000},
	Journal = {Journal of Functional Programming},
	Number = {3-4},
	Pages = {335--376},
	Publisher = {Cambridge Univ Press},
	Title = {Parameterised notions of computation},
	Volume = {19},
	Year = {2009}}

@inproceedings{constraintskinds,
	Author = {Orchard, Dominic and Schrijvers, Tom},
	Booktitle = {Functional and Logic Programming},
	Date-Added = {2015-11-16 07:07:50 +0000},
	Date-Modified = {2016-06-17 14:41:47 +0000},
	Pages = {56--71},
	Publisher = {Springer},
	Title = {{H}askell type constraints unleashed},
	Year = {2010}}

@inproceedings{tfclosed,
	Author = {Eisenberg, Richard A and Vytiniotis, Dimitrios and Peyton Jones, Simon and Weirich, Stephanie},
	Crossref = {POPL:14},
	Date-Added = {2015-11-16 07:04:29 +0000},
	Date-Modified = {2016-06-17 15:33:09 +0000},
	Pages = {671--683},
	Title = {Closed type families with overlapping equations}}

@inproceedings{singletons,
	Author = {Eisenberg, Richard A and Weirich, Stephanie},
	Crossref = {Haskell:12},
	Date-Added = {2015-11-16 06:51:50 +0000},
	Date-Modified = {2016-06-17 15:21:05 +0000},
	Pages = {117--130},
	Title = {Dependently typed programming with singletons}}

@proceedings{ICFP:08,
	Booktitle = {International Conference on Functional Programming},
	Date-Added = {2016-06-17 14:48:59 +0000},
	Date-Modified = {2016-06-17 14:48:59 +0000},
	Editor = {Hook, James and Thiemann, Peter},
	Publisher = {ACM Press},
	Title = {International Conference on Functional Programming},
	Year = {2008}}

@proceedings{HW:04,
	Booktitle = {Haskell Workshop},
	Date-Added = {2016-06-17 15:02:27 +0000},
	Date-Modified = {2016-06-17 15:02:27 +0000},
	Editor = {Nilsson, Henrik},
	Publisher = {ACM Press},
	Title = {Haskell Workshop},
	Year = {2004}}

@proceedings{DSL:99,
	Booktitle = {Domain-Specific Languages},
	Date-Added = {2016-06-17 14:55:35 +0000},
	Date-Modified = {2016-06-17 14:55:35 +0000},
	Editor = {Ball, Thomas},
	Publisher = {ACM Press},
	Title = {Domain-Specific Languages},
	Year = {1999}}

@book{Roscoe:10:Reflections,
	Author = {Roscoe, A. William and Jones, Cliff B. and Wood, Kenneth R.},
	Booktitle = {Reflections on the Work of {C.A.R. Hoare}},
	Date-Added = {2016-06-17 15:12:32 +0000},
	Date-Modified = {2016-06-17 15:12:32 +0000},
	Editor = {Roscoe, A. William and Jones, Cliff B. and Wood, Kenneth R.},
	Publisher = {Springer},
	Title = {Reflections on the Work of {C.A.R. Hoare}},
	Year = {2010}}

@proceedings{ICFP:05,
	Booktitle = {International Conference on Functional Programming},
	Date-Added = {2016-06-17 15:41:49 +0000},
	Date-Modified = {2016-06-17 15:41:49 +0000},
	Editor = {Pierce, Benjamin C.},
	Publisher = {ACM Press},
	Title = {International Conference on Functional Programming},
	Year = {2005}}

@proceedings{POPL:05,
	Address = {Long Beach, California, USA},
	Booktitle = {Symposium on Principles of Programming Languages},
	Date-Added = {2016-06-17 15:37:13 +0000},
	Date-Modified = {2016-06-17 15:37:13 +0000},
	Editor = {Palsberg, Jens and Abadi, Martin},
	Month = {Jan},
	Publisher = {ACM Press},
	Title = {Symposium on Principles of Programming Languages},
	Year = {2005}}

@proceedings{TFP:07,
	Booktitle = {Symposium on Trends in Functional Programming},
	Date-Added = {2016-06-17 15:27:37 +0000},
	Date-Modified = {2016-06-17 15:27:37 +0000},
	Title = {Symposium on Trends in Functional Programming},
	Year = {2007}}

@proceedings{Haskell:13,
	Booktitle = {Symposium on Haskell},
	Date-Added = {2016-06-17 15:15:56 +0000},
	Date-Modified = {2016-06-17 15:15:56 +0000},
	Editor = {Shan, Chung-chieh},
	Publisher = {ACM Press},
	Title = {Symposium on Haskell},
	Year = {2013}}

@proceedings{POPL:14,
	Booktitle = {Symposium on Principles of Programming Languages},
	Date-Added = {2016-06-17 15:32:28 +0000},
	Date-Modified = {2016-06-17 15:32:28 +0000},
	Editor = {Sewell, Peter},
	Publisher = {ACM Press},
	Title = {Symposium on Principles of Programming Languages},
	Year = {2014}}

@proceedings{Haskell:12,
	Booktitle = {Symposium on Haskell},
	Date-Added = {2016-06-17 15:20:18 +0000},
	Date-Modified = {2016-06-17 15:20:18 +0000},
	Editor = {Findler, Robby},
	Publisher = {ACM Press},
	Title = {Symposium on Haskell},
	Year = {2012}}

@proceedings{TLDI:12,
	Booktitle = {Types in Language Design and Implementation},
	Date-Added = {2016-06-17 16:16:10 +0000},
	Date-Modified = {2016-06-17 16:16:10 +0000},
	Editor = {Pierce, Benjamin C.},
	Publisher = {ACM Press},
	Title = {Types in Language Design and Implementation},
	Year = {2012}}
