%% This BibTeX bibliography file was created using BibDesk.
%% http://bibdesk.sourceforge.net/

%% Created for Ting-Yen Lai at 2015-11-17 11:54:30 +0800 


%% Saved with string encoding Unicode (UTF-8) 



@article{tfopen,
	Author = {Schrijvers, Tom and Peyton Jones, Simon and Chakravarty, Manuel and Sulzmann, Martin},
	Date-Added = {2015-11-17 03:51:43 +0000},
	Date-Modified = {2015-11-17 03:51:47 +0000},
	Journal = {ACM Sigplan Notices},
	Number = {9},
	Pages = {51--62},
	Publisher = {ACM},
	Title = {Type checking with open type functions},
	Volume = {43},
	Year = {2008}}

@inproceedings{tfsynonym,
	Author = {Chakravarty, Manuel MT and Keller, Gabriele and Jones, Simon Peyton},
	Booktitle = {ACM SIGPLAN Notices},
	Date-Added = {2015-11-17 03:44:44 +0000},
	Date-Modified = {2015-11-17 03:45:00 +0000},
	Number = {9},
	Organization = {ACM},
	Pages = {241--253},
	Title = {Associated type synonyms},
	Volume = {40},
	Year = {2005}}

@inproceedings{tfclass,
	Author = {Chakravarty, Manuel MT and Keller, Gabriele and Jones, Simon Peyton and Marlow, Simon},
	Booktitle = {ACM SIGPLAN Notices},
	Date-Added = {2015-11-17 03:35:32 +0000},
	Date-Modified = {2015-11-17 03:36:03 +0000},
	Number = {1},
	Organization = {ACM},
	Pages = {1--13},
	Title = {Associated types with class},
	Volume = {40},
	Year = {2005}}

@article{kleisli,
	Author = {McBride, Conor},
	Date-Added = {2015-11-16 15:33:35 +0000},
	Date-Modified = {2015-11-16 15:33:45 +0000},
	Journal = {Journal of Functional Programming (to appear)},
	Title = {Functional pearl: Kleisli arrows of outrageous fortune},
	Year = {2011}}

@misc{cite-key,
	Date-Added = {2015-11-16 15:32:00 +0000},
	Date-Modified = {2015-11-16 15:32:00 +0000}}

@inproceedings{staticresources,
	Author = {Kiselyov, Oleg and Shan, Chung-chieh},
	Booktitle = {In TFP'07, the 8 th Symposium on Trends in Functional Programming},
	Date-Added = {2015-11-16 15:05:48 +0000},
	Date-Modified = {2015-11-16 15:06:05 +0000},
	Organization = {Citeseer},
	Title = {Position: Lightweight Static Resources: Sexy types for embedded and systems programming},
	Year = {2007}}

@article{phasedistinction,
	Author = {Lindley, Sam and McBride, Conor},
	Date-Added = {2015-11-16 11:57:34 +0000},
	Date-Modified = {2015-11-16 11:57:42 +0000},
	Journal = {ACM SIGPLAN Notices},
	Number = {12},
	Pages = {81--92},
	Publisher = {ACM},
	Title = {Hasochism: the pleasure and pain of dependently typed Haskell programming},
	Volume = {48},
	Year = {2014}}

@misc{sorts,
	Annote = {
},
	Author = {Danny Gratzer},
	Date-Added = {2015-11-16 10:46:28 +0000},
	Date-Modified = {2015-11-16 10:48:52 +0000},
	Howpublished = {Blog},
	Lastchecked = {2015/11/16},
	Month = {Febuary},
	Title = {Types and Kinds and Sorts, Oh My!},
	Url = {http://jozefg.bitbucket.org/posts/2014-02-10-types-kinds-and-sorts.html},
	Viewport = {width=device-width, initial-scale=1, maximum-scale=1, user-scalable=no},
	Year = {2014}}

@inproceedings{promotion,
	Author = {Yorgey, Brent A and Weirich, Stephanie and Cretin, Julien and Peyton Jones, Simon and Vytiniotis, Dimitrios and Magalh{\~a}es, Jos{\'e} Pedro},
	Booktitle = {Proceedings of the 8th ACM SIGPLAN workshop on Types in language design and implementation},
	Date-Added = {2015-11-16 07:31:45 +0000},
	Date-Modified = {2015-11-16 07:31:48 +0000},
	Organization = {ACM},
	Pages = {53--66},
	Title = {Giving Haskell a promotion},
	Year = {2012}}

@incollection{typefun,
	Author = {Kiselyov, Oleg and Jones, Simon Peyton and Shan, Chung-chieh},
	Booktitle = {Reflections on the Work of CAR Hoare},
	Date-Added = {2015-11-16 07:27:41 +0000},
	Date-Modified = {2015-11-16 07:27:48 +0000},
	Pages = {301--331},
	Publisher = {Springer},
	Title = {Fun with type functions},
	Year = {2010}}

@inproceedings{typelevelfunctions,
	Author = {Eisenberg, Richard A and Stolarek, Jan},
	Booktitle = {Proceedings of the 2014 ACM SIGPLAN symposium on Haskell},
	Date-Added = {2015-11-16 07:19:28 +0000},
	Date-Modified = {2015-11-16 07:19:52 +0000},
	Organization = {ACM},
	Pages = {95--106},
	Title = {Promoting functions to type families in Haskell},
	Year = {2014}}

@article{indexedmonad,
	Author = {Atkey, Robert},
	Date-Added = {2015-11-16 07:14:40 +0000},
	Date-Modified = {2015-11-16 14:57:21 +0000},
	Journal = {Journal of Functional Programming},
	Number = {3-4},
	Pages = {335--376},
	Publisher = {Cambridge Univ Press},
	Title = {Parameterised notions of computation},
	Volume = {19},
	Year = {2009}}

@incollection{constraintskinds,
	Author = {Orchard, Dominic and Schrijvers, Tom},
	Booktitle = {Functional and Logic Programming},
	Date-Added = {2015-11-16 07:07:50 +0000},
	Date-Modified = {2015-11-16 07:08:26 +0000},
	Pages = {56--71},
	Publisher = {Springer},
	Title = {Haskell type constraints unleashed},
	Year = {2010}}

@article{tfclosed,
	Author = {Eisenberg, Richard A and Vytiniotis, Dimitrios and Peyton Jones, Simon and Weirich, Stephanie},
	Date-Added = {2015-11-16 07:04:29 +0000},
	Date-Modified = {2015-11-17 03:54:27 +0000},
	Journal = {ACM SIGPLAN Notices},
	Number = {1},
	Pages = {671--683},
	Publisher = {ACM},
	Title = {Closed type families with overlapping equations},
	Volume = {49},
	Year = {2014}}

@article{singletons,
	Author = {Eisenberg, Richard A and Weirich, Stephanie},
	Date-Added = {2015-11-16 06:51:50 +0000},
	Date-Modified = {2015-11-16 06:54:16 +0000},
	Journal = {ACM SIGPLAN Notices},
	Number = {12},
	Pages = {117--130},
	Publisher = {ACM},
	Title = {Dependently typed programming with singletons},
	Volume = {47},
	Year = {2013}}
